@article{Crijns2013,
  doi = {10.1118/1.4771960},
  url = {https://doi.org/10.1118/1.4771960},
  year = {2013},
  month = jan,
  publisher = {Wiley},
  volume = {40},
  number = {1},
  pages = {012102},
  author = {W. Crijns and F. Maes and U. A. van der Heide and F. Van den Heuvel},
  title = {Calibrating page sized Gafchromic {EBT}3 films},
  journal = {Medical Physics}
}
@article{Li2017,
	doi = {10.1371/journal.pone.0181958},
	url = {https://doi.org/10.1371/journal.pone.0181958},
	year = {2017},
	month = jul,
	publisher = {Public Library of Science ({PLoS})},
	volume = {12},
	number = {7},
	pages = {e0181958},
	author = {Yinghui Li and Lixin Chen and Jinhan Zhu and Xiaowei Liu},
	editor = {Qinghui Zhang},
	title = {The combination of the error correction methods of {GAFCHROMIC} {EBT}3 film},
	journal = {{PLOS} {ONE}}
}

@article{Devic2005,
	doi = {10.1118/1.1929253},
	url = {https://doi.org/10.1118/1.1929253},
	year = {2005},
	month = jun,
	publisher = {Wiley},
	volume = {32},
	number = {7Part1},
	pages = {2245--2253},
	author = {Slobodan Devic and Jan Seuntjens and Edwin Sham and Ervin B. Podgorsak and C. Ross Schmidtlein and Assen S. Kirov and Christopher G. Soares},
	title = {Precise radiochromic film dosimetry using a flat-bed document scanner},
	journal = {Medical Physics}
}

@article{Devic2016,
	doi = {10.1016/j.ejmp.2016.02.008},
	url = {https://doi.org/10.1016/j.ejmp.2016.02.008},
	year = {2016},
	month = apr,
	publisher = {Elsevier {BV}},
	volume = {32},
	number = {4},
	pages = {541--556},
	author = {Slobodan Devic and Nada Tomic and David Lewis},
	title = {Reference radiochromic film dosimetry: Review of technical aspects},
	journal = {Physica Medica}
}
@article{Micke2011,
	doi = {10.1118/1.3576105},
	url = {https://doi.org/10.1118/1.3576105},
	year = {2011},
	month = may,
	publisher = {Wiley},
	volume = {38},
	number = {5},
	pages = {2523--2534},
	author = {Andre Micke and David F. Lewis and Xiang Yu},
	title = {Multichannel film dosimetry with nonuniformity correction},
	journal = {Medical Physics}
}